@article{bendt2022gait,
  author = {Martina Bendt and others},
  title = {Gait and Dynamic Balance in Adults with Spina Bifida},
  journal = {Gait \& Posture},
  volume = {96},
  pages = {343--350},
  year = {2022},
  month = jul,
  doi = {10.1016/j.gaitpost.2022.06.016},
  url = {https://doi.org/10.1016/j.gaitpost.2022.06.016}
}

@article{lee2023independently,
  author = {Marissa R. Lee and others},
  title = {Independently Ambulatory Children with Spina Bifida Experience Near-Typical Knee and Ankle Joint Moments and Forces during Walking},
  journal = {Gait \& Posture},
  volume = {99},
  pages = {1--8},
  year = {2023},
  month = jan,
  doi = {10.1016/j.gaitpost.2022.10.010},
  url = {https://doi.org/10.1016/j.gaitpost.2022.10.010}
}

@article{geerse2015kinematic,
  author = {Daphne J. Geerse and others},
  title = {Kinematic Validation of a Multi-Kinect v2 Instrumented 10-Meter Walkway for Quantitative Gait Assessments},
  journal = {PLOS ONE},
  volume = {10},
  number = {10},
  pages = {e0139913},
  year = {2015},
  month = oct,
  doi = {10.1371/journal.pone.0139913},
  url = {https://doi.org/10.1371/journal.pone.0139913}
}